@misc{Sorm2023,
  author    = {Morten Heine S{\o}rensen and Mark Hissink Muller},
  title     = {Scaling Real-World Programming with ChatGPT},
  howpublished = {Unpublished manuscript. \url{https://github.com/mhs-research/ScalingRealWorldProgrammingWithChatGPT}},
  year      = {2023},
  month     = {August}
}

@book{Freeman2013,
  author    = {Adam Freeman},
  title     = {Pro React 16},
  publisher = {A Press},
  year      = {2013}
}

@misc{Gamage2023,
  author    = {Danusha Navod Gamage},
  title     = {7 Ways ChatGPT Can Help Developers},
  howpublished = {\url{https://cult.honeypot.io/reads/how-can-chatgpt-help-developers/}},
  year      = {2023},
  month     = {March 7}
}

@misc{Fowler2023,
  author    = {Martin Fowler},
  title     = {An example of LLM prompting for programming},
  howpublished = {\url{https://martinfowler.com/articles/2023-chatgpt-xu-hao.html}},
  year      = {2023},
  month     = {April 13}
}

@misc{Loukides2023,
  author    = {Mike Loukides},
  title     = {Real World Programming with ChatGPT},
  howpublished = {\url{https://www.oreilly.com/radar/real-world-programming-with-chatgpt/}},
  year      = {2023},
  month     = {April 25}
}

@misc{Gewirtz2023a,
  author    = {David Gewirtz},
  title     = {How to use ChatGPT to write code},
  howpublished = {\url{https://www.zdnet.com/article/how-to-use-chatgpt-to-write-code/}},
  year      = {2023},
  month     = {June 2}
}

@misc{Gewirtz2023b,
  author    = {David Gewirtz},
  title     = {Who owns the code? If ChatGPT's AI helps write your app, does it still belong to you?},
  howpublished = {\url{https://www.zdnet.com/article/who-owns-the-code-if-chatgpts-ai-helps-write-your-app-does-it-still-belong-to-you/}},
  year      = {2023},
  month     = {June 19}
}

@misc{Gewirtz2023c,
  author    = {David Gewirtz},
  title     = {If you use AI-generated code, what's your liability exposure},
  howpublished = {\url{https://www.zdnet.com/article/if-you-use-ai-generated-code-whats-your-liability-exposure/}},
  year      = {2023},
  month     = {June 20}
}

@misc{Guo2023,
  author    = {Philp Guo},
  title     = {Real-Real-World Programming with ChatGPT},
  howpublished = {\url{https://www.oreilly.com/radar/real-real-world-programming-with-chatgpt/}},
  year      = {2023},
  month     = {July 25}
}

@misc{GPT40_2023,
  author    = {OpenAI},
  title     = {GPT-40: The Next Generation of Language Models},
  howpublished = {OpenAI Blog. \url{https://openai.com/blog/gpt-40}},
  year      = {2023},
  month     = {October}
}

@misc{Gemini_2023,
  author    = {Google DeepMind},
  title     = {Gemini: Advancing AI with Multimodal Learning},
  howpublished = {DeepMind Blog. \url{https://deepmind.com/blog/gemini}},
  year      = {2023},
  month     = {August}
}

@misc{Cursor_2023,
  author    = {Cursor AI},
  title     = {Cursor: Enhancing Developer Productivity with AI},
  howpublished = {Cursor AI Blog. \url{https://cursor.ai/blog}},
  year      = {2023},
  month     = {July}
}

@misc{GitHubCopilot_2023,
  author    = {GitHub},
  title     = {GitHub Copilot: AI-Powered Code Completion},
  howpublished = {GitHub Blog. \url{https://github.blog/2023/06/29/github-copilot-ai-powered-code-completion}},
  year      = {2023},
  month     = {June}
}

@misc{Devin_2023,
  author    = {Devin AI},
  title     = {Devin: AI-Driven Development Environment},
  howpublished = {Devin AI Official Site. \url{https://devin.ai}},
  year      = {2023},
  month     = {May}
}

@misc{Claude_2023,
  author    = {Anthropic},
  title     = {Claude: A Safer AI Assistant},
  howpublished = {Anthropic Blog. \url{https://www.anthropic.com/blog/claude}},
  year      = {2023},
  month     = {September}
} 